
@book{
	cyberlenin2,
	author="Е.А. Самойлин",
	title="АЛГОРИТМ РАСПОЗНАВАНИЯ ИЗОБРАЖЕНИЙ НА ОСНОВЕ
	ГРАДИЕНТНОГО СОВМЕЩЕНИЯ ОБЪЕКТА С ЭТАЛОНОМ",
	publisher="Сборник трудов XXV Международной научно-технической конференции",
	year=2019,
	pages=150
}

@book{
	cyberlenin1,
	author="П.В.Бабаян, А.Б.Фельдман",
	title="РАСПОЗНАВАНИЕ ОБЪЕКТОВ НА ИЗОБРАЖЕНИЯХ
	ПРИ НАБЛЮДЕНИИ ИЗ КОСМОСА",
	publisher="Вестник РГРТУ. No 4 (выпуск 26)",
	year=2008,
	pages=8
}

@book{
	perceptron,
	author="О.А. Митина",
	title="ПЕРЦЕПТРОН В ЗАДАЧАХ БИНАРНОЙ КЛАССИФИКАЦИИ",
	publisher=" Национальная ассоциация ученых",
	year=2021,
	pages=6
}

@book{
	statistic,
	author="Н. М. Агеева, В. Н. Антонов",
	title="Анализ методов распознавания изображений",
	publisher="Наука и инновации в современно мире: техника и технологии",
	year=2017,
	pages=112
}

@book{
	log_regression,
	author="А. Д. Самаль",
	title="ОБЗОР МЕТОДОВ МАШИННОГО ОБУЧЕНИЯ ДЛЯ
	КЛАССИФИКАЦИИ ИЗОБРАЖЕНИЙ",
	publisher="Белорусский государственный технологический университет",
	year=2019,
	pages=553
}

@book{
	solve_tree,
	author="А. А. Мифтахова",
	title="ПРИМЕНЕНИЕ МЕТОДА ДЕРЕВА РЕШЕНИЙ В ЗАДАЧАХ
	КЛАССИФИКАЦИИ И ПРОГНОЗИРОВАНИЯ",
	publisher="Поволжский государственный университет телекоммуникаций и информатики",
	year=2016,
	pages=7
}

@book{
	neuro_base,
	author="Г. В. Антонов",
	title="ПРОСТАЯ НЕЙРОННАЯ СЕТЬ И ЕЕ ПРАКТИЧЕСКОЕ ПРИМЕНЕНИЕ",
	publisher="ФГБОУ ВО Великолукская государственная сельскохозяйственная академия",
	year=2021,
	pages=11
}

@book{
	neuro_architecture,
	author="К. М. Левченко",
	title="Нейронные сети",
	publisher="Белорусский государственный университет информатики и радиоэлектроники",
	year=2022,
	pages=5
}

@book{
	activation_function,
	author="Н. Е. Бабушкина",
	title="ВЫБОР ФУНКЦИИ АКТИВАЦИИ НЕЙРОННОЙ СЕТИ В ЗАВИСИМОСТИ
	ОТ УСЛОВИЙ ЗАДАЧИ",
	publisher="Донской государственный технический университет",
	year=2022,
	pages=4
}

@book{
	loss_function,
	author="А. Н. Апарнев",
	title="Анализ функций потерь при обучении сверточных нейронных сетей с оптимизатором Adam для классификации изображений",
	publisher="ВЕСТНИК МОСКОВСКОГО ЭНЕРГЕТИЧЕСКОГО ИНСТИТУТА. ВЕСТНИК МЭИ",
	year=2020,
	pages=90-105
}

@book{
	gradient,
	author="Д. А. Барвинский",
	title="Применение метода градиентного спуска в решении задач оптимизации",
	publisher="Тенденции развития науки и образования",
	number=74-2,
	year=2021,
	pages=61-66
}


@book{research1,
	title="Исследование параметров алгоритмов распознавания лиц",
	author="С. Е. Паршин",
	publisher="Сборник научных трудов Новосибирского государственного технического университета",
	number=1,
	pages=6,
	year=2019
}

@book{svertka,
	title="Обзор свёрточных нейронных сетей для задачи
	классификации изображений",
	author="О. С. Сикорский",
	publisher="Новые информационные технологии в автоматизированных системах",
	number=1,
	pages=8,
	year=2017
}

@book{capsule1,
	title="ИССЛЕДОВАНИЕ СРЕДСТВ МАТЕМАТИЧЕСКОГО РАСПОЗНАВАНИЯ
	ПРОГРАММНО-СГЕНЕРИРОВАННЫХ ИЗОБРАЖЕНИЙ",
	author="Д. К. Танаянц",
	publisher="Журнал «Интернаука»",
	number=20,
	pages=3,
	year=2021
}

@book{capsule2,
	title="ПЕРСПЕКТИВЫ ПРИМЕНЕНИЯ КАПСУЛЬНЫХ НЕЙРОННЫХ СЕТЕЙ В РАСПОЗНАВАНИИ ОБЪЕКТОВ НА ИЗОБРАЖЕНИЯХ",
	author="И. П. Алексеев",
	publisher="ТИНЧУРИНСКИЕ ЧТЕНИЯ - 2021 «ЭНЕРГЕТИКА И ЦИФРОВАЯ ТРАНСФОРМАЦИЯ»",
	pages=4,
	year=2021
}

@book{galaxy,
	title="КЛАССИФИКАЦИЯ ГАЛАКТИК С ПОМОЩЬЮ
	КАПСУЛЬНЫХ НЕЙРОННЫХ СЕТЕЙ",
	author="Д. В. Береснев",
	publisher="БГУИР",
	pages=4,
	year=2019
}

@book{lenet,
	title="Gradient-Based Learning Applied to Document Recognition",
	author="Y. LeCun, L. Bottou, Y. Bengio and P. Haffner",
	publisher=" Proceedings of the IEEE",
	pages=46,
	year=1998
}

@book{googlenet,
	title="Going Deeper With Convolutions",
	author="C. Szegedy, W. Liu, Y. Jia",
	publisher="Proceedings of the IEEE Conference on Computer Vision and Pattern Recognition (CVPR)",
	pages=12,
	year=2015
}

@book{normalisation,
	title="Глубокое обучение. Погружение в мир нейронных сетей",
	author="С. Николенко",
	publisher="Издательство Питер",
	pages=477,
	year=2018
}

@article{normalisation_lecun,
	title={Efficient Backprop},
	author={Y. Lecun},
	journal={Neural Networks: Tricks of the Trade},
	pages={99--48},
	year={2019},
	publisher={Springer Berlin Heidelberg}
}

@article{ansambles,
	title={Ансамблевый метод машинного обучения, основанный на рекомендации классификаторов},
	author={Кашницкий Ю. С.},
	journal={Интеллектуальные системы. Теория и приложения},
	volume={19},
	number={4},
	pages={37--55},
	year={2015}
}

@article{comparising,
	title={CapsNet, CNN, FCN: Comparative Performance
	Evaluation for Image Classification},
	author={Xuefeng J.},
	journal={International Journal of Machine Learning and Computing},
	volume={9},
	number={6},
	pages={9},
	year={2019}
}

@article{overtraining1,
	title={Методы борьбы с переобучением искусственных нейронных сетей},
	author={Воронецкий, Юлиан Олегович and Жданов, Никита Алексеевич},
	journal={Научный аспект},
	volume={13},
	number={2},
	pages={1639--1647},
	year={2019},
	publisher={Общество с ограниченной ответственностью" Аспект"}
}

@article{augmentation,
	title={Формирование обучающей выборки в задачах машинного обучения. Обзор},
	author={Парасич А. В.},
	journal={Информационно-управляющие системы},
	number={4 (113)},
	pages={61--70},
	year={2021},
	publisher={Южно-Уральский государственный университет}
}

@article{augmentation1,	
	author={Cai Z.},	
	journal={IEEE Transactions on Pattern Analysis and Machine Intelligence}, 
	title={Cascade R-CNN: High Quality Object Detection and Instance Segmentation}, 
	year={2021},
	volume={43},
	number={5},
	pages={1483-1498}}

@article{regulisation,	
	author={Пырнова О.А.},	
	journal={ИНФОРМАЦИОННЫЕ ТЕХНОЛОГИИ В СТРОИТЕЛЬНЫХ, СОЦИАЛЬНЫХ И ЭКОНОМИЧЕСКИХ СИСТЕМАХ}, 
	title={МЕТОДЫ И ПРОБЛЕМЫ ПЕРЕОБУЧЕНИЯ МНОГОСЛОЙНОЙ НЕЙРОННОЙ СЕТИ}, 
	year={2020},
	pages={101-103}}

@misc{architectures,
	title="Different types of CNN Architectures",
	howpublished="Режим доступа: \url{https://vitalflux.com/different-types-of-cnn-architectures-explained-examples/}",
	note="Дата обращения: 28.04.2023"
}

@misc{capsule3,
	title="Understanding Capsule Networks",
	howpublished="Режим доступа: \url{https://www.freecodecamp.org/news/understanding-capsule-networks-ais-allurin-new-architecture-bdb228173ddc}",
	note="Дата обращения: 28.04.2023"
}

@misc{mnist,
	title="MNIST dataset",
	howpublished="Режим доступа: \url{https://www.tensorflow.org/datasets/catalog/mnist}",
	note="Дата обращения: 28.04.2023"
}

@misc{cifar,
	title="CIFAR-10 dataset",
	howpublished="Режим доступа: \url{https://www.tensorflow.org/datasets/catalog/cifar10}",
	note="Дата обращения: 28.04.2023"
}